<record><leader>00000cas a2200000 i 4500</leader><controlfield tag="001">844201849</controlfield><controlfield tag="006">m     o  d        </controlfield><controlfield tag="007">cr |||||||||||</controlfield><controlfield tag="008">130523d19681971wiuwr neo     0    0eng c</controlfield><datafield ind1=" " ind2=" " tag="010"><subfield code="a">  2013254306</subfield></datafield><datafield ind1=" " ind2=" " tag="040"><subfield code="a">AANWS</subfield><subfield code="b">eng</subfield><subfield code="e">rda</subfield><subfield code="c">AANWS</subfield><subfield code="d">CUS</subfield><subfield code="d">OCLCF</subfield><subfield code="d">OCLCO</subfield></datafield><datafield ind1=" " ind2=" " tag="042"><subfield code="a">pcc</subfield></datafield><datafield ind1=" " ind2=" " tag="043"><subfield code="a">n-us-wi</subfield></datafield><datafield ind1="1" ind2="4" tag="050"><subfield code="a">AN</subfield></datafield><datafield ind1="0" ind2="4" tag="245"><subfield code="a">The Greater Milwaukee star.</subfield></datafield><datafield ind1="3" ind2="0" tag="246"><subfield code="a">Milwaukee star</subfield></datafield><datafield ind1=" " ind2="1" tag="264"><subfield code="a">Milwaukee, Wis. :</subfield><subfield code="b">Kenneth C. Coulter,</subfield><subfield code="c">1968-1971.</subfield></datafield><datafield ind1=" " ind2=" " tag="300"><subfield code="a">1 online resource (4 volumes)</subfield></datafield><datafield ind1=" " ind2=" " tag="310"><subfield code="a">Weekly</subfield></datafield><datafield ind1=" " ind2=" " tag="321"><subfield code="a">Biweekly,</subfield><subfield code="b">April 10-July 13, 1968</subfield></datafield><datafield ind1=" " ind2=" " tag="336"><subfield code="a">text</subfield><subfield code="b">txt</subfield><subfield code="2">rdacontent</subfield></datafield><datafield ind1=" " ind2=" " tag="337"><subfield code="a">computer</subfield><subfield code="b">c</subfield><subfield code="2">rdamedia</subfield></datafield><datafield ind1=" " ind2=" " tag="338"><subfield code="a">online resource</subfield><subfield code="b">cr</subfield><subfield code="2">rdacarrier</subfield></datafield><datafield ind1="1" ind2=" " tag="362"><subfield code="a">Began with Vol. VIII, No. 15 (April 10, 1968); ceased with Vol. XI, no. 25 (October 30, 1971).</subfield></datafield><datafield ind1=" " ind2=" " tag="500"><subfield code="a">"Voice of the Negro in Wisconsin."</subfield></datafield><datafield ind1=" " ind2=" " tag="515"><subfield code="a">Some issues have "Early edition."</subfield></datafield><datafield ind1=" " ind2=" " tag="588"><subfield code="a">Description based on: Vol. VIII, No. 15 (April 10, 1968); title from PDF masthead (Readex America's Historical Newspapers Web site, viewed May 22, 2013).</subfield></datafield><datafield ind1=" " ind2=" " tag="588"><subfield code="a">Latest issue consulted: Vol. XI, No. 25 (October 30, 1971) (viewed May 22, 2013).</subfield></datafield><datafield ind1=" " ind2="0" tag="650"><subfield code="a">African Americans</subfield><subfield code="z">Wisconsin</subfield><subfield code="z">Milwaukee</subfield><subfield code="v">Newspapers.</subfield></datafield><datafield ind1=" " ind2="0" tag="650"><subfield code="a">African American newspapers</subfield><subfield code="z">Wisconsin</subfield><subfield code="z">Milwaukee.</subfield></datafield><datafield ind1=" " ind2="0" tag="651"><subfield code="a">Milwaukee (Wis.)</subfield><subfield code="v">Newspapers.</subfield></datafield><datafield ind1=" " ind2="7" tag="655"><subfield code="a">Newspapers.</subfield><subfield code="2">fast</subfield><subfield code="0">(OCoLC)fst01423814</subfield></datafield><datafield ind1=" " ind2="7" tag="650"><subfield code="a">African American newspapers.</subfield><subfield code="2">fast</subfield><subfield code="0">(OCoLC)fst00799278</subfield></datafield><datafield ind1=" " ind2="7" tag="650"><subfield code="a">African Americans.</subfield><subfield code="2">fast</subfield><subfield code="0">(OCoLC)fst00799558</subfield></datafield><datafield ind1=" " ind2="7" tag="651"><subfield code="a">Wisconsin</subfield><subfield code="z">Milwaukee.</subfield><subfield code="2">fast</subfield><subfield code="0">(OCoLC)fst01206626</subfield></datafield><datafield ind1=" " ind2=" " tag="752"><subfield code="a">United States</subfield><subfield code="b">Wisconsin</subfield><subfield code="c">Milwaukee</subfield><subfield code="d">Milwaukee.</subfield></datafield><datafield ind1="0" ind2=" " tag="770"><subfield code="t">Racine star news</subfield><subfield code="w">(DLC)  2013254308</subfield><subfield code="w">(OCoLC)844235537</subfield></datafield><datafield ind1="0" ind2=" " tag="770"><subfield code="t">Racine star</subfield><subfield code="w">(DLC)  2013254307</subfield><subfield code="w">(OCoLC)844223253</subfield></datafield><datafield ind1="0" ind2="8" tag="776"><subfield code="i">Print version:</subfield><subfield code="t">Greater Milwaukee star</subfield><subfield code="w">(DLC)sn 84025854</subfield><subfield code="w">(OCoLC)10470035</subfield></datafield><datafield ind1="0" ind2="0" tag="780"><subfield code="t">Milwaukee star (Milwaukee, Wis. : 1961)</subfield><subfield code="w">(DLC)  2013254305</subfield><subfield code="w">(OCoLC)664611322</subfield></datafield><datafield ind1="0" ind2="0" tag="785"><subfield code="t">Your greater Milwaukee star</subfield><subfield code="w">(DLC)  2013254309</subfield><subfield code="w">(OCoLC)844201445</subfield></datafield><datafield ind1="4" ind2="0" tag="856"><subfield code="u">http://infoweb.newsbank.com/?db=EANX&amp;s_browseRef=decades/12A7AE31A7B3CA6B/all.xml</subfield></datafield></record>